@misc {brunobocchini2018,
    author = "Bruno Bocchini",
    title  = "Pesquisa mostra que quase 70\% dos brasileiros não têm plano de saúde particular",
    month  = "feb",
    year   = "2018",
    url    = "http://agenciabrasil.ebc.com.br/geral/noticia/2018-02/pesquisa-mostra-que-quase-70-dos-brasileiros-nao-tem-plano-de-saude-particular"
}

@misc {vanessathees2018,
    author = "Vanessa Thees",
    title  = "40\% dos pacientes fazem autodiagnóstico e automedicação pela Internet",
    month  = "sep",
    year   = "2018",
    url    = "https://pebmed.com.br/40-dos-pacientes-fazem-autodiagnostico-e-automedicacao-pela-internet/"
}

@misc {julianacontaifer&isabellacavalcante2018,
    author = "Juliana Contaifer and Isabella Cavalcante",
    title  = "Está tudo na cabeça. Entenda como funcionam as doenças psicossomáticas",
    month  = "apr",
    year   = "2018",
    url    = "https://www.metropoles.com/vida-e-estilo/bem-estar/saude-bem-estar/esta-tudo-na-cabeca-entenda-como-funcionam-as-doencas-psicossomaticas"
}

@manual {AlbertEinstein,
    author       = "HIAE",
    title        = "Guia de Doenças e Sintomas",
    year         = "2016",
    organization = "Instituto Israelita de Ensino e Pesquisa Albert Einstein",
    url          = "https://www.einstein.br/guia-doencas-sintomas"
}